<?xml version="1.0" encoding="UTF-8"?><collection xmlns="http://www.loc.gov/MARC21/slim"><record><leader>00630nam--2200193-i-4500</leader><controlfield tag="001">000003366</controlfield><controlfield tag="002">20161230</controlfield><controlfield tag="005">20170118004524</controlfield><controlfield tag="008">060222s1000------------r-----000-0-rum-d</controlfield><datafield ind1=" " ind2=" " tag="040"><subfield code="a">IFIN-HH</subfield></datafield><datafield ind1=" " ind2=" " tag="041"><subfield code="a">rum</subfield></datafield><datafield ind1=" " ind2=" " tag="080"><subfield code="a">53</subfield></datafield><datafield ind1="1" ind2=" " tag="100"><subfield code="a">Ghinsburg, L</subfield></datafield><datafield ind1="1" ind2="0" tag="245"><subfield code="a">Culegere de probleme pentru cursul de fizica generala. Traducere din limba rusa partea 2-a: Optica fizica moleculara si atomica</subfield><subfield code="c">V.L. Ghinsburg, L.M. Levin, M.S. Rabinovici, D.V. Sivuhin, E.S. Cetvericova</subfield></datafield><datafield ind1=" " ind2=" " tag="260"><subfield code="a">Bucuresti</subfield><subfield code="b">Editura Tehnica</subfield><subfield code="c">1951</subfield></datafield><datafield ind1=" " ind2=" " tag="300"><subfield code="a">259 p</subfield></datafield><datafield ind1="1" ind2=" " tag="700"><subfield code="a">Cetvericova, E. S</subfield></datafield><datafield ind1=" " ind2=" " tag="852"><subfield code="a">1160</subfield><subfield code="c">53</subfield></datafield><datafield ind1=" " ind2=" " tag="CAT"><subfield code="a">SYS</subfield><subfield code="c">20170118</subfield><subfield code="h">004524</subfield></datafield></record></collection>